<?xml version="1.0" encoding="UTF-8"?><collection xmlns="http://www.loc.gov/MARC21/slim"><record><leader>00386nam--2200145-i-4500</leader><controlfield tag="001">000038277</controlfield><controlfield tag="002">20161230</controlfield><controlfield tag="005">20161230201041</controlfield><controlfield tag="008">060222s1000------------r-----000-0-eng-d</controlfield><datafield ind1=" " ind2=" " tag="080"><subfield code="a">621.372.52</subfield></datafield><datafield ind1=" " ind2=" " tag="245"><subfield code="a">Recent developments in switching theory</subfield></datafield><datafield ind1=" " ind2=" " tag="260"><subfield code="a">New York, Academic Press, Kk1971. Xiii + 436 P</subfield></datafield><datafield ind1=" " ind2=" " tag="490"><subfield code="a">Electrical Science</subfield></datafield><datafield ind1=" " ind2=" " tag="700"><subfield code="a">Amar Mukhopadhyay</subfield></datafield><datafield ind1=" " ind2=" " tag="852"><subfield code="a">39062</subfield></datafield></record></collection>